<?xml version="1.0" encoding="UTF-8"?><collection xmlns="http://www.loc.gov/MARC21/slim"><record><leader>00520nam--2200205-u-4500</leader><controlfield tag="001">000056464</controlfield><controlfield tag="002">20161230</controlfield><controlfield tag="005">20161230201052</controlfield><controlfield tag="008">151023s1000------------r-----000-0-rus-d</controlfield><datafield ind1=" " ind2=" " tag="040"><subfield code="a">IFIN-HH</subfield></datafield><datafield ind1=" " ind2=" " tag="041"><subfield code="a">rus</subfield></datafield><datafield ind1=" " ind2=" " tag="080"><subfield code="a">53</subfield></datafield><datafield ind1="1" ind2=" " tag="100"><subfield code="a">Courant, R</subfield></datafield><datafield ind1="1" ind2="0" tag="245"><subfield code="a">Metodi matematiceskoi fiziki</subfield><subfield code="c">R. courant, d. hilbert</subfield></datafield><datafield ind1=" " ind2=" " tag="260"><subfield code="a">Moskva</subfield><subfield code="b">Tehniko-teoreticeskoi Litaraturi</subfield><subfield code="c">1951</subfield></datafield><datafield ind1=" " ind2=" " tag="300"><subfield code="a">2 VOL</subfield></datafield><datafield ind1="1" ind2=" " tag="700"><subfield code="a">Hilbert, D</subfield></datafield><datafield ind1="1" ind2=" " tag="787"><subfield code="a">Tom Vtoroi</subfield><subfield code="h">544p</subfield></datafield><datafield ind1=" " ind2=" " tag="852"><subfield code="a">78586</subfield><subfield code="c">53.02</subfield></datafield><datafield ind1=" " ind2=" " tag="CAT"><subfield code="a">Sys</subfield><subfield code="c">20151023</subfield><subfield code="h">104322</subfield></datafield></record></collection>